% This file was created with JabRef 2.10b.
% Encoding: ISO8859_1


@Article{Bechteler2003,
  Title                    = {2-{D} localization and identification based on {SAW} {ID}-tags at 2.5 {GH}z},
  Author                   = {Bechteler, Thomas F and Yenigun, H},
  Journal                  = {Microwave Theory and Techniques, IEEE Transactions on},
  Year                     = {2003},
  Number                   = {5},
  Pages                    = {1584--1590},
  Volume                   = {51},

  __markedentry            = {[sandio:3]},
  File                     = {2-D.localization.and.identification.based.on.SAW.ID-tags.at.2.5.GHz-31-Bechteler2003.pdf:RFID/Localisation.and.tracking/2-D.localization.and.identification.based.on.SAW.ID-tags.at.2.5.GHz-31-Bechteler2003.pdf:PDF},
  Publisher                = {IEEE}
}

@InProceedings{Bekkali2007,
  Title                    = {{RFID} indoor positioning based on probabilistic {RFID} map and {K}alman filtering},
  Author                   = {Bekkali, Abdelmoula and Sanson, Horacio and Matsumoto, Mitsuji},
  Booktitle                = {Wireless and Mobile Computing, Networking and Communications, 2007. WiMOB 2007. Third IEEE International Conference on},
  Year                     = {2007},
  Organization             = {IEEE},
  Pages                    = {21--21},

  __markedentry            = {[sandio:2]},
  File                     = {RFID.indoor.positioning.based.on.probabilistic.RFID.map.and.kalman.filtering-83-Bekkali2007.pdf:RFID/Localisation.and.tracking/RFID.indoor.positioning.based.on.probabilistic.RFID.map.and.kalman.filtering-83-Bekkali2007.pdf:PDF}
}

@Book{Bolic2010,
  Title                    = {{RFID} systems: research trends and challenges},
  Author                   = {Bolic, Miodrag and Simplot-Ryl, David and Stojmenovic, Ivan},
  Publisher                = {Wiley},
  Year                     = {2010},

  File                     = {RFID.Systems.Research.Trends.and.Challenges-22-Bolic2010.pdf:RFID/Books/RFID.Systems.Research.Trends.and.Challenges-22-Bolic2010.pdf:PDF}
}

@InProceedings{Bouet2008a,
  Title                    = {{A} range-free 3-{D} localization method for {RFID} tags based on virtual landmarks},
  Author                   = {Bouet, Mathieu and Pujolle, Guy},
  Booktitle                = {Personal, Indoor and Mobile Radio Communications, 2008. PIMRC 2008. IEEE 19th International Symposium on},
  Year                     = {2008},
  Organization             = {IEEE},
  Pages                    = {1--5},

  __markedentry            = {[sandio:1]},
  File                     = {A.range-free.3-D.localization.method.for.RFID.tags.based.on.virtual.landmarks-17-Bouet2008a.pdf:RFID/Localisation.and.tracking/A.range-free.3-D.localization.method.for.RFID.tags.based.on.virtual.landmarks-17-Bouet2008a.pdf:PDF}
}

@InProceedings{Bouet2008,
  Title                    = {{RFID} tags: {P}ositioning principles and localization techniques},
  Author                   = {Bouet, Mathieu and dos Santos, Aldri L},
  Booktitle                = {Wireless Days, 2008. WD'08. 1st IFIP},
  Year                     = {2008},
  Organization             = {IEEE},
  Pages                    = {1--5},

  __markedentry            = {[sandio:5]},
  File                     = {RFID.tags.positioning.principles.and.localization.techniques-88-Bouet2008.pdf:RFID/RFID.tags.positioning.principles.and.localization.techniques-88-Bouet2008.pdf:PDF;A.range-free.3-D.localization.method.for.RFID.tags.based.on.virtual.landmarks-17-Bouet2008a.pdf:RFID/Localisation.and.tracking/A.range-free.3-D.localization.method.for.RFID.tags.based.on.virtual.landmarks-17-Bouet2008a.pdf:PDF}
}

@Article{Cangialosi2007,
  Title                    = {{L}everaging {RFID} in hospitals: {P}atient life cycle and mobility perspectives},
  Author                   = {Cangialosi, Andrea and Monaly, Joseph E and Yang, Samuel C},
  Journal                  = {Communications Magazine, IEEE},
  Year                     = {2007},
  Number                   = {9},
  Pages                    = {18--23},
  Volume                   = {45},

  File                     = {Leveraging.RFID.in.hospitals.patient.life.cycle.and.mobility.perspectives-63-Cangialosi2007.pdf:RFID/Applications/Leveraging.RFID.in.hospitals.patient.life.cycle.and.mobility.perspectives-63-Cangialosi2007.pdf:PDF},
  Publisher                = {IEEE}
}

@Book{Finkenzeller2010,
  Title                    = {{RFID} handbook: fundamentals and applications in contactless smart cards, radio frequency identification and near-field communication},
  Author                   = {Finkenzeller, Klaus},
  Publisher                = {Wiley},
  Year                     = {2010},

  File                     = {RFID.Handbook.Fundamentals.and.Applications.in.Contactless.Smart.Cards.RFID.and.NFC-3877-Finkenzeller2010.pdf:RFID/Books/RFID.Handbook.Fundamentals.and.Applications.in.Contactless.Smart.Cards.RFID.and.NFC-3877-Finkenzeller2010.pdf:PDF}
}

@Article{Fox2003,
  Title                    = {{B}ayesian filtering for location estimation},
  Author                   = {Fox, V and Hightower, Jeffrey and Liao, Lin and Schulz, Dirk and Borriello, Gaetano},
  Journal                  = {Pervasive Computing, IEEE},
  Year                     = {2003},
  Number                   = {3},
  Pages                    = {24--33},
  Volume                   = {2},

  File                     = {Bayesian.filters.for.location.estimation-474-Fox2003.pdf:RFID/Localisation.and.tracking/Bayesian.filters.for.location.estimation-474-Fox2003.pdf:PDF},
  Publisher                = {IEEE}
}

@InProceedings{Hassan2006,
  Title                    = {{A} taxonomy for {RFID}},
  Author                   = {Hassan, Taimur and Chatterjee, Samir},
  Booktitle                = {System Sciences, 2006. HICSS'06. Proceedings of the 39th Annual Hawaii International Conference on},
  Year                     = {2006},
  Organization             = {IEEE},
  Pages                    = {184b--184b},
  Volume                   = {8},

  File                     = {A.taxonomy.for.RFID-80-Hassan2006.pdf:RFID/A.taxonomy.for.RFID-80-Hassan2006.pdf:PDF}
}

@Article{Hightower2001,
  Title                    = {{L}ocation systems for ubiquitous computing},
  Author                   = {Hightower, Jeffrey and Borriello, Gaetano},
  Journal                  = {Computer},
  Year                     = {2001},
  Number                   = {8},
  Pages                    = {57--66},
  Volume                   = {34},

  File                     = {Location.systems.for.ubiquitous.computing-3006-Hightower2001.pdf:RFID/Localisation.and.tracking/Location.systems.for.ubiquitous.computing-3006-Hightower2001.pdf:PDF;Location.sensing.techniques-184-Hightower2001a.pdf:RFID/Localisation.and.tracking/Location.sensing.techniques-184-Hightower2001a.pdf:PDF;Design.and.calibration.of.the.spoton.ad-hoc.location.sensing.system-157-Hightower2001b.pdf:RFID/Localisation.and.tracking/Design.and.calibration.of.the.spoton.ad-hoc.location.sensing.system-157-Hightower2001b.pdf:PDF;A.survey.and.taxonomy.of.location.systems.for.ubiquitous.computing-184-Hightower2001c.pdf:RFID/Localisation.and.tracking/A.survey.and.taxonomy.of.location.systems.for.ubiquitous.computing-184-Hightower2001c.pdf:PDF},
  Publisher                = {IEEE}
}

@Article{Hightower2001a,
  Title                    = {{L}ocation sensing techniques},
  Author                   = {Hightower, Jeffrey and Borriello, Gaetano},
  Journal                  = {IEEE Computer},
  Year                     = {2001},
  Number                   = {8},
  Pages                    = {57--66},
  Volume                   = {34},

  File                     = {Location.sensing.techniques-184-Hightower2001a.pdf:RFID/Localisation.and.tracking/Location.sensing.techniques-184-Hightower2001a.pdf:PDF}
}

@TechReport{Hightower2001c,
  Title                    = {{A} {S}urvey and {T}axonomy of {L}ocation {S}ensing {S}ystems for {U}biquitous {C}omputing},
  Author                   = {Jeffrey Hightower and Gaetano Borriello},
  Institution              = {University of Washington, Department of Computer Science and Engineering},
  Year                     = {2001},

  Address                  = {Seattle, WA},
  Month                    = {August},
  Number                   = {01-08-03},
  Type                     = {UW CSE},

  File                     = {A.survey.and.taxonomy.of.location.systems.for.ubiquitous.computing-184-Hightower2001c.pdf:RFID/Localisation.and.tracking/A.survey.and.taxonomy.of.location.systems.for.ubiquitous.computing-184-Hightower2001c.pdf:PDF}
}

@InProceedings{Hightower2002,
  Title                    = {{T}he location stack: {A} layered model for location in ubiquitous computing},
  Author                   = {Hightower, Jeffrey and Brumitt, Barry and Borriello, Gaetano},
  Booktitle                = {Mobile Computing Systems and Applications, 2002. Proceedings Fourth IEEE Workshop on},
  Year                     = {2002},
  Organization             = {IEEE},
  Pages                    = {22--28},

  File                     = {The.location.stack.a.layered.model.for.location.in.ubiquitous.computing-222-Hightower2002.pdf:RFID/Localisation.and.tracking/The.location.stack.a.layered.model.for.location.in.ubiquitous.computing-222-Hightower2002.pdf:PDF}
}

@Article{Hightower2001b,
  Title                    = {{D}esign and calibration of the spoton ad-hoc location sensing system},
  Author                   = {Hightower, Jeffrey and Vakili, Chris and Borriello, Gaetano and Want, Roy},
  Journal                  = {unpublished, August},
  Year                     = {2001},

  File                     = {Design.and.calibration.of.the.spoton.ad-hoc.location.sensing.system-157-Hightower2001b.pdf:RFID/Localisation.and.tracking/Design.and.calibration.of.the.spoton.ad-hoc.location.sensing.system-157-Hightower2001b.pdf:PDF}
}

@Article{Hightower2000,
  Title                    = {{S}pot{ON}: {A}n indoor 3{D} location sensing technology based on {RF} signal strength},
  Author                   = {Hightower, Jeffrey and Want, Roy and Borriello, Gaetano},
  Journal                  = {UW CSE 00-02-02, University of Washington, Department of Computer Science and Engineering, Seattle, WA},
  Year                     = {2000},
  Volume                   = {1},

  __markedentry            = {[sandio:3]},
  File                     = {SpotON.an.indoor.3D.location.sensing.technology.based.on.RF.signal.strength-733-Hightower2000.pdf:RFID/Localisation.and.tracking/SpotON.an.indoor.3D.location.sensing.technology.based.on.RF.signal.strength-733-Hightower2000.pdf:PDF}
}

@InProceedings{Huang2006,
  Title                    = {{S}cout: {O}utdoor localization using active {RFID} technology},
  Author                   = {Huang, Xin and Janaswamy, Ramakrishna and Ganz, Aura},
  Booktitle                = {Broadband Communications, Networks and Systems, 2006. BROADNETS 2006. 3rd International Conference on},
  Year                     = {2006},
  Organization             = {IEEE},
  Pages                    = {1--10},

  __markedentry            = {[sandio:2]},
  File                     = {Scout.outdoor.localization.using.active.RFID.technology-14-Huang2006.pdf:RFID/Localisation.and.tracking/Scout.outdoor.localization.using.active.RFID.technology-14-Huang2006.pdf:PDF}
}

@Book{Hunt2007,
  Title                    = {{RFID}: a guide to radio frequency identification},
  Author                   = {Hunt, V Daniel and Puglia, Albert and Puglia, Mike},
  Publisher                = {Wiley-interscience},
  Year                     = {2007},

  File                     = {RFID.a.Guide.to.Radio.Frequency.Identification-209-Hunt2007.pdf:RFID/Books/RFID.a.Guide.to.Radio.Frequency.Identification-209-Hunt2007.pdf:PDF}
}

@Article{Landt2005,
  Title                    = {{T}he history of {RFID}},
  Author                   = {Landt, Jeremy},
  Journal                  = {Potentials, IEEE},
  Year                     = {2005},
  Number                   = {4},
  Pages                    = {8--11},
  Volume                   = {24},

  File                     = {The.history.of.RFID-376-Landt2005.pdf:RFID/The.history.of.RFID-376-Landt2005.pdf:PDF},
  Publisher                = {IEEE}
}

@Article{Landt2001,
  Title                    = {{S}hrouds of {T}ime: {T}he history of {RFID}},
  Author                   = {Landt, Jeremey},
  Year                     = {2001},

  File                     = {Shrouds.of.time.the.history.of.RFID-198-Landt2001.pdf:RFID/Shrouds.of.time.the.history.of.RFID-198-Landt2001.pdf:PDF}
}

@Article{Nath2006,
  Title                    = {{RFID} technology and applications},
  Author                   = {Nath, Badri and Reynolds, Franklin and Want, Roy},
  Journal                  = {Pervasive Computing, IEEE},
  Year                     = {2006},
  Number                   = {1},
  Pages                    = {22--24},
  Volume                   = {5},

  File                     = {RFID.technology.and.applications-133-Nath2006.pdf:RFID/RFID.technology.and.applications-133-Nath2006.pdf:PDF},
  Publisher                = {IEEE}
}

@Article{Ni2005,
  Title                    = {{S}emantic sensor net: {A}n extensible framework},
  Author                   = {Ni, Lionel and Zhu, Yanmin and Ma, Jian and Li, Minglu and Luo, Qiong and Liu, Yunhao and Cheung, S and Yang, Qiang},
  Journal                  = {Networking and Mobile Computing},
  Year                     = {2005},
  Pages                    = {1144--1153},

  File                     = {Semantic.sensor.net.an.extensible.framework-22-Ni2005.pdf:RFID/Semantic.sensor.net.an.extensible.framework-22-Ni2005.pdf:PDF},
  Publisher                = {Springer}
}

@Article{Ni2004,
  Title                    = {{LANDMARC}: indoor location sensing using active {RFID}},
  Author                   = {Ni, Lionel M and Liu, Yunhao and Lau, Yiu Cho and Patil, Abhishek P},
  Journal                  = {Wireless networks},
  Year                     = {2004},
  Number                   = {6},
  Pages                    = {701--710},
  Volume                   = {10},

  __markedentry            = {[sandio:2]},
  File                     = {LANDMARC.indoor.location.sensing.using.active.RFID-1273-Ni2004.pdf:RFID/Localisation.and.tracking/LANDMARC.indoor.location.sensing.using.active.RFID-1273-Ni2004.pdf:PDF},
  Publisher                = {Springer}
}

@Book{Rida2010,
  Title                    = {{RFID}-{E}nabled sensor design and applications},
  Author                   = {Rida, Amin and Yang, Li and Tentzeris, Manos M},
  Publisher                = {Artech House Publishers},
  Year                     = {2010},

  File                     = {RFID-Enabled.Sensor.Design.and.Applications-26-Rida2010.pdf:RFID/Books/RFID-Enabled.Sensor.Design.and.Applications-26-Rida2010.pdf:PDF}
}

@Article{Stelzer2004,
  Title                    = {{C}oncept and application of {LPM}-a novel 3-{D} local position measurement system},
  Author                   = {Stelzer, Andreas and Pourvoyeur, Klaus and Fischer, Alexander},
  Journal                  = {Microwave Theory and Techniques, IEEE Transactions on},
  Year                     = {2004},
  Number                   = {12},
  Pages                    = {2664--2669},
  Volume                   = {52},

  __markedentry            = {[sandio:3]},
  File                     = {Concept.and.application.of.LPM-a.novel.3-D.local.position.measurement.system-70-Stelzer2004.pdf:RFID/Localisation.and.tracking/Concept.and.application.of.LPM-a.novel.3-D.local.position.measurement.system-70-Stelzer2004.pdf:PDF},
  Publisher                = {IEEE}
}

@Book{Symonds2009,
  Title                    = {{A}uto-{I}dentification and ubiquitous computing applications},
  Author                   = {Symonds, Judith and Ayoade, John and Parry, Dave},
  Publisher                = {IGI Global},
  Year                     = {2009},

  File                     = {Auto-identification.and.Ubiquitous.Computing.Applications-6-Symonds2009.pdf:RFID/Books/Auto-identification.and.Ubiquitous.Computing.Applications-6-Symonds2009.pdf:PDF}
}

@Article{Vaidya2008,
  Title                    = {{R}fid-based networks: exploiting diversity and redundancy},
  Author                   = {Vaidya, Nitin and Das, Samir R},
  Journal                  = {ACM SIGMOBILE Mobile Computing and Communications Review},
  Year                     = {2008},
  Number                   = {1},
  Pages                    = {2--14},
  Volume                   = {12},

  File                     = {RFID-based.networks.exploiting.diversity.and.redundancy-39-Vaidya2008.pdf:RFID/RFID-based.networks.exploiting.diversity.and.redundancy-39-Vaidya2008.pdf:PDF},
  Publisher                = {ACM}
}

@InProceedings{Wang2007,
  Title                    = {{RFID}-based 3-{D} positioning schemes},
  Author                   = {Wang, Chong and Wu, Hongyi and Tzeng, Nian-Feng},
  Booktitle                = {INFOCOM 2007. 26th IEEE International Conference on Computer Communications. IEEE},
  Year                     = {2007},
  Organization             = {IEEE},
  Pages                    = {1235--1243},

  __markedentry            = {[sandio:2]},
  File                     = {RFID.based.3-D.positioning.schemes-73-Wang2007.pdf:RFID/Localisation.and.tracking/RFID.based.3-D.positioning.schemes-73-Wang2007.pdf:PDF}
}

@Article{Want2006,
  Title                    = {{A}n introduction to {RFID} technology},
  Author                   = {Want, Roy},
  Journal                  = {Pervasive Computing, IEEE},
  Year                     = {2006},
  Number                   = {1},
  Pages                    = {25--33},
  Volume                   = {5},

  __markedentry            = {[sandio:5]},
  File                     = {An.introduction.to.RFID.technology-640-Want2006.pdf:RFID/An.introduction.to.RFID.technology-640-Want2006.pdf:PDF},
  Publisher                = {IEEE}
}

@Article{Weinstein2005,
  Title                    = {{RFID}: a technical overview and its application to the enterprise},
  Author                   = {Weinstein, Ron},
  Journal                  = {IT professional},
  Year                     = {2005},
  Number                   = {3},
  Pages                    = {27--33},
  Volume                   = {7},

  File                     = {RFID.a.technical.overview.and.its.application.to.the.enterprise-419-Weinstein2005.pdf:RFID/RFID.a.technical.overview.and.its.application.to.the.enterprise-419-Weinstein2005.pdf:PDF},
  Publisher                = {IEEE}
}

@Article{Zhang2007,
  Title                    = {{L}ocalization and tracking of passive {RFID} tags based on direction estimation},
  Author                   = {Zhang, Yimin and Amin, Moeness G and Kaushik, Shashank},
  Journal                  = {International Journal of Antennas and Propagation},
  Year                     = {2007},
  Volume                   = {2007},

  __markedentry            = {[sandio:3]},
  File                     = {Localization.and.tracking.of.passive.RFID.tags.based.on.direction.estimation-42-Zhang2007.pdf:RFID/Localisation.and.tracking/Localization.and.tracking.of.passive.RFID.tags.based.on.direction.estimation-42-Zhang2007.pdf:PDF},
  Publisher                = {Hindawi Publishing Corporation}
}

@Book{Zhang2009,
  Title                    = {{RFID} and {S}ensor {N}etworks: {A}rchitectures, {P}rotocols, {S}ecurity and {I}ntegrations},
  Author                   = {Zhang, Yan and Yang, Laurence T and Chen, Jiming},
  Publisher                = {CRC},
  Year                     = {2009},

  File                     = {RFID.and.Sensor.Networks.architectures.protocols.security.and.integrations-17-Zhang2009.pdf:RFID/Books/RFID.and.Sensor.Networks.architectures.protocols.security.and.integrations-17-Zhang2009.pdf:PDF}
}

@InProceedings{Zhao2007,
  Title                    = {{VIRE}: {A}ctive {RFID}-based localization using virtual reference elimination},
  Author                   = {Zhao, Yiyang and Liu, Yunhao and Ni, Lionel M},
  Booktitle                = {Parallel Processing, 2007. ICPP 2007. International Conference on},
  Year                     = {2007},
  Organization             = {IEEE},
  Pages                    = {56--56},

  __markedentry            = {[sandio:2]},
  File                     = {VIRE.active.RFID.based.localization.using.virtual.reference.elimination-82-Zhao2007.pdf:RFID/Localisation.and.tracking/VIRE.active.RFID.based.localization.using.virtual.reference.elimination-82-Zhao2007.pdf:PDF}
}

@comment{jabref-meta: selector_publisher:}

@comment{jabref-meta: selector_author:}

@comment{jabref-meta: selector_journal:}

@comment{jabref-meta: selector_keywords:}

@comment{jabref-meta: groupsversion:3;}

@comment{jabref-meta: groupstree:
0 AllEntriesGroup:;
1 ExplicitGroup:Lateration with distance estimation\;0\;Bechteler2003\
;Hightower2000\;Stelzer2004\;Zhang2007\;;
1 ExplicitGroup:Scene analysis with extra reference tags\;0\;Bekkali20
07\;Huang2006\;Ni2004\;Wang2007\;Zhao2007\;;
1 ExplicitGroup:Constrained-based approach\;0\;Bouet2008a\;;
1 ExplicitGroup:RFID books\;0\;Bolic2010\;Finkenzeller2010\;Hunt2007\;
Rida2010\;Symonds2009\;Zhang2009\;;
1 ExplicitGroup:Jeffrey Hightower\;0\;Fox2003\;Hightower2000\;Hightowe
r2001\;Hightower2001a\;Hightower2001b\;Hightower2001c\;Hightower2002\;
;
}

